@article{Wu_Huang_Tian_Yan_Yu_2024, place={Melbourne, Australia}, title={Emotion Contagion Model for Dynamical Crowd Path Planning}, volume={3}, url={https://www.sciltp.com/journals/ijndi/article/view/521}, DOI={10.53941/ijndi.2024.100014}, number={3}, journal={International Journal of Network Dynamics and Intelligence}, author={Wu, Yunpeng and Huang, Xiangming and Tian, Zhen and Yan, Xiaoqiang and Yu, Hui}, year={2024}, month={Sep.}, pages={100014} }

@book{wikiatan2,
    author = {Eliott Organick},
    title = {A FORTRAN IV Primer},
    publisher = {Addison-Wesley},
    year = {1966}
}


@article{Wang_2022,
doi = {10.1088/1674-1056/ac4a66},
url = {https://dx.doi.org/10.1088/1674-1056/ac4a66},
year = {2022},
month = {jun},
publisher = {Chinese Physical Society and IOP Publishing Ltd},
volume = {31},
number = {6},
pages = {060402},
author = {Guan-Ning Wang and Tao Chen and Jin-Wei Chen and Kaifeng Deng and Ru-Dong Wang},
title = {Simulation of crowd dynamics in pedestrian evacuation concerning panic contagion: A cellular automaton approach},
journal = {Chinese Physics B},
}

@article{Lovre_2023,
    author = {Traag, Vincent A. and Å ubelj, Lovro},
    title = {Large network community detection by fast label propagation},
    journal = {Scientific Reports},
    year = {2023},
    volume = {13},
    month ={feb}
}

@article{Leiden,
    author = {Vincent Traag, Ludo Waltman, Nees Jan van Eck},
    title = {From {L}ouvain to {L}eiden: guaranteeing well-connected communities},
    journal = {Scientific Reports},
    year = {2019},
    volume = {9},
    month ={oct}
}

@article{Walktrap,
    author = {Pons, Pascal, and Matthieu Latapy},
    title = {Computing communities in large networks using random walks},
    journal = {J. Graph Algorithms Appl.},
    year = {2006},
    pages = {191-218}
}
